@misc{mit2015ocw,
  author = {{Massachusetts Institute of Technology}},
  title = {{Numerical Fluid Mechanics - Lecture 7}},
  howpublished = "\url{https://ocw.mit.edu/courses/mechanical-engineering/2-29-numerical-fluid-mechanics-spring-2015/lecture-notes-and-references/MIT2_29S15_Lecture7.pdf}",
  year = {2015}, 
  note = "[Daring; Diakses pada 31 Maret 2021]"
}

@misc{gambil2010illinois,
  author = {Thomas Gambill},
  title = {{Banded, LU, Cholesky, SVD}},
  howpublished = "\url{https://courses.engr.illinois.edu/cs357/su2014/lectures/lecture08.pdf}",
  year = {2010}, 
  note = "[Daring; Diakses pada 31 Maret 2021]"
}

@misc{jeffthor,
  author = {Jeff Thorson},
  title = {{Gaussian Elimination on a Banded Matrix}},
  howpublished = "\url{http://sep.stanford.edu/data/media/public/oldreports/sep20/20_11.pdf}",
  year = {1979}, 
  note = "[Daring; Diakses pada 31 Maret 2021]"
}

@book{sauer2013numerical,
  title={Numerical Analysis},
  author={Sauer, T.},
  isbn={9781292023588},
  series={Pearson custom library},
  url={https://books.google.co.id/books?id=NTxungEACAAJ},
  year={2013},
  publisher={Pearson}
}

@misc{kth,
  author = {{KTH Engineering Sciences}},
  title = {{Order of Accuracy}},
  howpublished = "\url{https://www.kth.se/social/upload/5287cd2bf27654543869d6c8/Ant-OrderofAccuracy.pdf}",
  year = {2013}, 
  note = "[Daring; Diakses pada 31 Maret 2021]"
}